@misc{serverstate,
  author =   {PANKAJ},
  title =    {{Session Management in Java â€“ HttpServlet, Cookies, URL Rewriting}},
  year =     {2018},
  howpublished = {\url{https://www.journaldev.com/1907/java-session-management-servlet-httpsession-url-rewriting}}
}